<?xml version="1.0" encoding="utf-8"?>
<record xmlns="http://www.loc.gov/MARC21/slim" xmlns:xsi="http://www.w3.org/2001/XMLSchema-instance" xsi:schemaLocation="http://www.loc.gov/MARC21/slim http://www.loc.gov/standards/marcxml/schema/MARC21slim.xsd">
	<leader>     nam a22     Mi 4500</leader>
	<controlfield tag="001">b12567577</controlfield>
	<controlfield tag="003">LeBAU</controlfield>
	<controlfield tag="006">m        d        </controlfield>
	<controlfield tag="007">cr cn |||m|||a</controlfield>
	<controlfield tag="008">200327s1924    ua      o     ||0 f ara d</controlfield>
	<datafield ind1=" " ind2=" " tag="040">
		<subfield code="a">ZYU</subfield>
		<subfield code="b">ara</subfield>
		<subfield code="e">rda</subfield>
		<subfield code="c">ZYU</subfield>
	</datafield>
	<datafield ind1="0" ind2="4" tag="082">
		<subfield code="a">892.78</subfield>
		<subfield code="2">22</subfield>
	</datafield>
	<datafield ind1="1" ind2=" " tag="100">
		<subfield code="6">880-01</subfield>
		<subfield code="a">Ḥaddād, Niqūlā,</subfield>
		<subfield code="e">author.</subfield>
	</datafield>
	<datafield ind1="1" ind2="0" tag="245">
		<subfield code="6">880-02</subfield>
		<subfield code="a">Riwāyat Jamʻīyāt Ikhwān al-ʻAhd /</subfield>
		<subfield code="c">taʼlīf Niqūlā al-Ḥaddād.</subfield>
	</datafield>
	<datafield ind1="3" ind2="0" tag="246">
		<subfield code="6">880-03</subfield>
		<subfield code="a">Jamʻīyāt Ikhwān al-ʻAhd</subfield>
	</datafield>
	<datafield ind1=" " ind2="1" tag="264">
		<subfield code="6">880-04</subfield>
		<subfield code="a">al-Qāhirah, Miṣr :</subfield>
		<subfield code="b">Maṭbaʻat Yūsuf Kawwá,</subfield>
		<subfield code="c">1924.</subfield>
	</datafield>
	<datafield ind1=" " ind2=" " tag="300">
		<subfield code="6">880-05</subfield>
		<subfield code="a">online resource (150 pages)</subfield>
	</datafield>
	<datafield ind1=" " ind2=" " tag="336">
		<subfield code="a">text</subfield>
		<subfield code="2">rdacontent</subfield>
	</datafield>
	<datafield ind1=" " ind2=" " tag="337">
		<subfield code="a">computer</subfield>
		<subfield code="2">rdamedia</subfield>
	</datafield>
	<datafield ind1=" " ind2=" " tag="338">
		<subfield code="a">online resource</subfield>
		<subfield code="2">rdacarrier</subfield>
	</datafield>
	<datafield ind1="1" ind2=" " tag="490">
		<subfield code="6">880-06</subfield>
		<subfield code="a">Silsilat riwāyāt fī mawḍūʻ asrār al-nahḍah aw-ittiḥād al-umam al-ʻArabīyah ;</subfield>
		<subfield code="v">al-ḥalaqah al-thānīyah</subfield>
	</datafield>
	<datafield ind1=" " ind2=" " tag="500">
		<subfield code="a">Part of the Arabic Collections Online (ACO) project, contributed by American University of Beirut's Jafet Memorial Library.</subfield>
	</datafield>
	<datafield ind1=" " ind2=" " tag="533">
		<subfield code="a">Electronic reproduction.</subfield>
		<subfield code="b">New York, N.Y. :</subfield>
		<subfield code="c">New York University,</subfield>
		<subfield code="d">2020.</subfield>
		<subfield code="5">NNU</subfield>
	</datafield>
	<datafield ind1="2" ind2="0" tag="610">
		<subfield code="6">880-07</subfield>
		<subfield code="a">Jamʻīyat Ikhwān al-ʻAhd</subfield>
		<subfield code="v">Fiction.</subfield>
	</datafield>
	<datafield ind1=" " ind2="0" tag="650">
		<subfield code="6">880-08</subfield>
		<subfield code="a">Arabs</subfield>
		<subfield code="x">History</subfield>
		<subfield code="v">Fiction.</subfield>
	</datafield>
	<datafield ind1=" " ind2="0" tag="650">
		<subfield code="6">880-09</subfield>
		<subfield code="a">al-Nahḍah</subfield>
		<subfield code="v">Fiction.</subfield>
	</datafield>
	<datafield ind1=" " ind2="0" tag="651">
		<subfield code="6">880-10</subfield>
		<subfield code="a">Turkey</subfield>
		<subfield code="x">History</subfield>
		<subfield code="y">Ottoman Empire, 1288-1918</subfield>
		<subfield code="v">Fiction.</subfield>
	</datafield>
	<datafield ind1=" " ind2="0" tag="655">
		<subfield code="6">880-11</subfield>
		<subfield code="a">Novels.</subfield>
	</datafield>
	<datafield ind1="2" ind2=" " tag="710">
		<subfield code="a">Jafet Memorial Library.</subfield>
	</datafield>
	<datafield ind1="0" ind2=" " tag="730">
		<subfield code="a">Arabic Collections Online.</subfield>
	</datafield>
	<datafield ind1="0" ind2="8" tag="776">
		<subfield code="i">Print version:</subfield>
		<subfield code="a">Ḥaddād, Niqūlā, author.</subfield>
		<subfield code="t">Riwāyat Jamʻīyāt Ikhwān al-ʻAhd</subfield>
		<subfield code="w">(LeBAU)b12567577</subfield>
	</datafield>
	<datafield ind1=" " ind2="0" tag="830">
		<subfield code="6">880-12</subfield>
		<subfield code="a">Silsilat riwāyāt fī mawḍūʻ asrār al-nahḍah aw-ittiḥād al-umam al-ʻArabīyah ;</subfield>
		<subfield code="v">2.</subfield>
	</datafield>
	<datafield ind1="4" ind2="0" tag="856">
		<subfield code="u">http://hdl.handle.net/2333.1/0zpc8gsb</subfield>
	</datafield>
	<datafield ind1="1" ind2=" " tag="880">
		<subfield code="6">100-01</subfield>
		<subfield code="a">الحداد، نقولا،</subfield>
		<subfield code="e">مؤلف.</subfield>
		<subfield code="4">aut.</subfield>
	</datafield>
	<datafield ind1="1" ind2="0" tag="880">
		<subfield code="6">245-02</subfield>
		<subfield code="a">رواية جمعية إخوان العهد /</subfield>
		<subfield code="c">تأليف نقولا الحداد.</subfield>
	</datafield>
	<datafield ind1="3" ind2="0" tag="880">
		<subfield code="6">246-03</subfield>
		<subfield code="a">جمعية إخوان العهد</subfield>
	</datafield>
	<datafield ind1=" " ind2="1" tag="880">
		<subfield code="6">264-04</subfield>
		<subfield code="a">القاهرة، مصر :</subfield>
		<subfield code="b">مطبعة يوسف كوى،</subfield>
		<subfield code="c">1924.</subfield>
	</datafield>
	<datafield ind1=" " ind2=" " tag="880">
		<subfield code="6">300-05</subfield>
		<subfield code="a">150 صفحة ؛</subfield>
		<subfield code="c">24 سم.</subfield>
	</datafield>
	<datafield ind1="1" ind2=" " tag="880">
		<subfield code="6">490-06</subfield>
		<subfield code="a">سلسلة روايات في موضوع أسرار النهضة أو إتحاد الأمم العربية ؛</subfield>
		<subfield code="v">الحلقة الثانية</subfield>
	</datafield>
	<datafield ind1=" " ind2=" " tag="880">
		<subfield code="6">500-00</subfield>
		<subfield code="a">&quot;نشرت تباعاً في مجلة السيدات والرجال في سنتها الخامسة.&quot;</subfield>
	</datafield>
	<datafield ind1="3" ind2=" " tag="880">
		<subfield code="6">520-00</subfield>
		<subfield code="a">&quot;تبحث في إنشقاق العرب عن الترك إستعداداً لتكوين الإتحاد العربي العام وتأهباً لإنشاء دولة عربية عظمى في المستقبل؛ دارت حوادثها الرئيسية في دمشق لعهد جمال باشا السفاح. وتمثل فيها زعماء العرب من كل ناحية متهمين بمؤامرة. وفيما كان جمال يضطهدهم ويحاكمهم كان يساومهم على تولي زعامة ثورتهم.&quot;</subfield>
	</datafield>
	<datafield ind1="2" ind2="4" tag="880">
		<subfield code="6">610-07</subfield>
		<subfield code="a">جمعية إخوان العهد</subfield>
		<subfield code="v">قصة.</subfield>
	</datafield>
	<datafield ind1=" " ind2="4" tag="880">
		<subfield code="6">650-08</subfield>
		<subfield code="a">العرب</subfield>
		<subfield code="x">تاريخ</subfield>
		<subfield code="v">قصة.</subfield>
	</datafield>
	<datafield ind1=" " ind2="4" tag="880">
		<subfield code="6">650-09</subfield>
		<subfield code="a">النهضة العربية</subfield>
		<subfield code="v">قصة.</subfield>
	</datafield>
	<datafield ind1=" " ind2="4" tag="880">
		<subfield code="6">651-10</subfield>
		<subfield code="a">تركيا</subfield>
		<subfield code="x">تاريخ</subfield>
		<subfield code="y">الإمبراطورية العثمانية، 1288-1918</subfield>
		<subfield code="v">قصة.</subfield>
	</datafield>
	<datafield ind1=" " ind2="4" tag="880">
		<subfield code="6">655-11</subfield>
		<subfield code="a">روايات.</subfield>
	</datafield>
	<datafield ind1=" " ind2="0" tag="880">
		<subfield code="6">830-12</subfield>
		<subfield code="a">سلسلة روايات في موضوع أسرار النهضة أو إتحاد الأمم العربية ؛</subfield>
		<subfield code="v">2.</subfield>
	</datafield>
	<datafield ind1=" " ind2=" " tag="959">
		<subfield code="a">NNU</subfield>
		<subfield code="b">WEB</subfield>
		<subfield code="c">GENI</subfield>
		<subfield code="t">0</subfield>
		<subfield code="m">Electronic access</subfield>
		<subfield code="s">01</subfield>
	</datafield>
	<datafield ind1=" " ind2=" " tag="999">
		<subfield code="i">LeBAU_b12567577</subfield>
		<subfield code="s">aub_aco003200:</subfield>
		<subfield code="e">(ERROR-MISC)</subfield>
		<subfield code="s">aub_aco003200:</subfield>
	</datafield>
</record>
